@inproceedings{thrush2022winoground,
  title={Winoground: Probing Vision and Language Models for Visio-Linguistic Compositionality},
  author={Thrush, Tristan and Jiang, Ryan and Bartolo, Max and Singh, Amanpreet and Williams, Adina and Kiela, Douwe and Ross, Candace},
  booktitle={Proceedings of the IEEE/CVF Conference on Computer Vision and Pattern Recognition},
  pages={5238--5248},
  year={2022}
}

@article{li2022blip,
  title={Blip: Bootstrapping language-image pre-training for unified vision-language understanding and generation},
  author={Li, Junnan and Li, Dongxu and Xiong, Caiming and Hoi, Steven},
  journal={arXiv preprint arXiv:2201.12086},
  year={2022}
}

@article{schuhmann2021laion,
  title={Laion-400m: Open dataset of clip-filtered 400 million image-text pairs},
  author={Schuhmann, Christoph and Vencu, Richard and Beaumont, Romain and Kaczmarczyk, Robert and Mullis, Clayton and Katta, Aarush and Coombes, Theo and Jitsev, Jenia and Komatsuzaki, Aran},
  journal={arXiv preprint arXiv:2111.02114},
  year={2021}
}